@article{Ex,
author = {Name, Author},
journal = {A Computer Science Journal},
},

@article{jeffery_minireview_2002,
	Abstract = {With the advent of gene-expression profiling, a large number of genes can now be investigated simultaneously during critical stages of development. This approach will be particularly informative in studies of ascidians, basal chordates whose genomes and embryology are uniquely suited for mapping developmental gene networks.},
	Author = {Jeffery, William R},
	File = {Attachment:/Users/elijahklowe/Library/Application Support/Zotero/Profiles/10oxqg53.default/zotero/storage/QDZ8KFPB/gb-2002-3-10-reviews1030.pdf:application/pdf},
	Journal = {Genome biology},
	Number = {10},
	Pages = {1--4},
	Title = {Minireview Ascidian gene-expression profiles},
	Url = {http://genomebiology.com/2002/3/10/reviews/1030.1},
	Volume = {3},
	Year = {2002},
	Bdsk-Url-1 = {http://genomebiology.com/2002/3/10/reviews/1030.1}}


@article{berrill_studies_1931,
	Author = {BERRILL, N. J.},
	Journal = {Society},
	Pages = {281--346},
	Title = {Studies in Tunicate Developnent},
	Volume = {219},
	Year = {1931}}
